<?xml version="1.0" encoding="UTF-8"?><collection xmlns="http://www.loc.gov/MARC21/slim"><record><leader>00494nam--2200193-i-4500</leader><controlfield tag="001">000029918</controlfield><controlfield tag="002">20161230</controlfield><controlfield tag="005">20161230201038</controlfield><controlfield tag="008">060222s1000------------r-----000-0-eng-d</controlfield><datafield ind1=" " ind2=" " tag="040"><subfield code="a">IFIN-HH</subfield></datafield><datafield ind1=" " ind2=" " tag="080"><subfield code="a">533.7</subfield></datafield><datafield ind1="1" ind2=" " tag="100"><subfield code="a">Liepmann, H.W</subfield></datafield><datafield ind1="1" ind2="0" tag="245"><subfield code="a">Elements of gasdynamics</subfield><subfield code="c">H.w. liepmann, a. roshko</subfield></datafield><datafield ind1=" " ind2=" " tag="260"><subfield code="a">New York, John Wiley, 1957</subfield></datafield><datafield ind1=" " ind2=" " tag="300"><subfield code="a">XV+439P</subfield></datafield><datafield ind1=" " ind2=" " tag="490"><subfield code="a">Galcit Aeronautical Series</subfield></datafield><datafield ind1="1" ind2=" " tag="700"><subfield code="a">Roshko, A</subfield></datafield><datafield ind1=" " ind2=" " tag="852"><subfield code="a">13643</subfield><subfield code="c">533.7</subfield></datafield><datafield ind1=" " ind2=" " tag="CAT"><subfield code="a">Sys</subfield><subfield code="c">20100915</subfield><subfield code="h">105737</subfield></datafield></record></collection>